@article{Tabernik_TITS_2019,
  title={Deep learning for large-scale traffic-sign detection and recognition},
  author={Tabernik, Domen and Sko{\v{c}}aj, Danijel},
  journal={IEEE transactions on intelligent transportation systems},
  volume={21},
  number={4},
  pages={1427--1440},
  year={2019},
  publisher={IEEE}
}

@book{abc,
  title={Deep learning for large-scale traffic-sign detection and recognition},
  author={Tabernik, Domen and Sko{\v{c}}aj, Danijel},
  journal={IEEE transactions on intelligent transportation systems},
  volume={21},
  number={4},
  pages={1427--1440},
  year={2019},
  publisher={IEEE}
}

@inproceedings{saxena2021gender,
  title={Gender and age detection using deep learning},
  author={Saxena, Aryan and Singh, Prabhangad and Singh, Shailendra Narayan},
  booktitle={2021 11th International Conference on Cloud Computing, Data Science \& Engineering (Confluence)},
  pages={719--724},
  year={2021},
  organization={IEEE}
}

@article{maldonado2007road,
  title={Road-sign detection and recognition based on support vector machines},
  author={Maldonado-Basc{\'o}n, Saturnino and Lafuente-Arroyo, Sergio and Gil-Jimenez, Pedro and G{\'o}mez-Moreno, Hilario and L{\'o}pez-Ferreras, Francisco},
  journal={IEEE transactions on intelligent transportation systems},
  volume={8},
  number={2},
  pages={264--278},
  year={2007},
  publisher={IEEE}
}

@article{yu2021survey,
  title={A survey on deepfake video detection},
  author={Yu, Peipeng and Xia, Zhihua and Fei, Jianwei and Lu, Yujiang},
  journal={Iet Biometrics},
  volume={10},
  number={6},
  pages={607--624},
  year={2021},
  publisher={Wiley Online Library}
}

@inproceedings{li2018deepsign,
  title={Deepsign: Deep learning based traffic sign recognition},
  author={Li, Dong and Zhao, Dongbin and Chen, Yaran and Zhang, Qichao},
  booktitle={2018 international joint conference on neural networks (IJCNN)},
  pages={1--6},
  year={2018},
  organization={IEEE}
}
@inproceedings{dang2014her,
  title={HER-MAC: A hybrid efficient and reliable MAC for vehicular ad hoc networks},
  author={Dang, Duc Ngoc Minh and Dang, Hanh Ngoc and Nguyen, Vandung and Htike, Zaw and Hong, Choong Seon},
  booktitle={2014 IEEE 28th International Conference on Advanced Information Networking and Applications},
  pages={186--193},
  year={2014},
  organization={IEEE}
}
@ARTICLE{Zhang_LWC_2019,
  author={Zhang, Xinming and Jiang, Xinghe and Zhang, Mengdi},
  journal={IEEE Wireless Communications Letters}, 
  title={A Black-Burst Based Time Slot Acquisition Scheme for the Hybrid TDMA/CSMA Multichannel MAC in VANETs}, 
  year={2019},
  volume={8},
  number={1},
  pages={137-140},
  doi={10.1109/LWC.2018.2863300}}
@INPROCEEDINGS{Huang_WCSP_2020,
  author={Huang, Lei and Ding, Lianghui and Qian, Liang and Yang, Feng and Zhi, Cheng},
  booktitle={2020 International Conference on Wireless Communications and Signal Processing (WCSP)}, 
  title={A TDMA-Based MAC Protocol with Auxiliary Reservation on a Service Channel for VANETs}, 
  year={2020},
  volume={},
  number={},
  pages={1088-1093},
  doi={10.1109/WCSP49889.2020.9299843}}
  @Article{Wu_WireNet_2016,
author="Wu, Qiong and Zheng, Jun",
title="Performance modeling and analysis of the ADHOC MAC protocol for vehicular networks",
journal="Wireless Networks",
year="2016",
volume="22",
number="3",
pages="799--812",
issn="1572-8196",
doi="10.1007/s11276-015-1000-6",
url="http://dx.doi.org/10.1007/s11276-015-1000-6"
}